@article{barber2011individual,
  title={The Behavior of Individual Investors},
  author={Barber, Brad M. and Odean, Terrance},
  journal={SSRN Electronic Journal},
  year={2011},
  doi={10.2139/ssrn.1872211}
}

@article{barber2021robinhood,
  title={Attention Induced Trading and Returns: Evidence from Robinhood Users},
  author={Barber, Brad M. and Huang, Xing and Odean, Terrance and Schwarz, Christopher},
  journal={SSRN Electronic Journal},
  year={2021},
  doi={10.2139/ssrn.3715077}
}

@article{ardia2023fast,
  title={Fast and Furious: A High-Frequency Analysis of Robinhood Users' Trading Behavior},
  author={Ardia, David and Aymard, Cl√©ment and Cenesizoglu, Tolga},
  journal={arXiv preprint arXiv:2307.11012},
  year={2023}
}
